





@article{doi:10.1137/070685518,
author = {J. Peraire and P.-O. Persson},
title = {The Compact Discontinuous Galerkin (CDG) Method for Elliptic Problems},
journal = {SIAM Journal on Scientific Computing},
volume = {30},
number = {4},
pages = {1806-1824},
year = {2008},
doi = {10.1137/070685518},

URL = { 
        https://doi.org/10.1137/070685518
    
},
eprint = { 
        https://doi.org/10.1137/070685518
    
}

}


