@article {Montlaur2,
author = {A., Montlaur and S., Fernandez-Mendez and A., Huerta},
title = {Discontinuous {G}alerkin methods for the {S}tokes equations using divergence-free approximations},
journal = {International Journal for Numerical Methods in Fluids},
volume = {57},
number = {9},
publisher = {John Wiley & Sons, Ltd.},
issn = {1097-0363},
url = {http://dx.doi.org/10.1002/fld.1716},
doi = {10.1002/fld.1716},
pages = {1071--1092},
keywords = {discontinuous Galerkin, Stokes equations, incompressible flow, divergence-free, solenoidal, interior penalty method},
year = {2008},
}

@article {Montlaur,
author = {A., Montlaur and S., Fernandez-Mendez and J., Peraire and A., Huerta},
title = {Discontinuous {G}alerkin methods for the {N}avier {S}tokes equations using solenoidal approximations},
journal = {International Journal for Numerical Methods in Fluids},
volume = {64},
number = {5},
publisher = {John Wiley & Sons, Ltd.},
issn = {1097-0363},
url = {http://dx.doi.org/10.1002/fld.2161},
doi = {10.1002/fld.2161},
pages = {549--564},
keywords = {compact discontinuous Galerkin, interior penalty method, Navier–Stokes, high order, solenoidal, incompressible, hybrid pressure},
year = {2010},
}


@Book{Haasdonk_book,
author = {Haasdonk B.},
editor = {P. Benner, A. Cohen, M. Ohlberger and K. Willcox},
title = {Reduced Basis Methods for Parametrized PDEs -- A Tutorial
Introduction for Stationary and Instationary Problems.
Chapter in P. Benner, A. Cohen, M. Ohlberger and K. Willcox
(eds.): "Model Reduction and Approximation: Theory and Algorithms",},
publisher = {SIAM, Philadelphia},
year = {2017},
OPTkey = {•},
OPTvolume = {•},
OPTnumber = {•},
OPTseries = {•},
OPTaddress = {•},
OPTedition = {•},
OPTmonth = {•},
note = {Pages 65-136},
annote = {Reduced Basis Methods for Parametrized PDEs -- A Tutorial
Introduction for Stationary and Instationary Problems.
}
}

@article{Haasdonk,
title = "Lecture notes : Reduzierte-{B}asis-{M}ethoden",
journal = "University of Stuttgart",
author = "Haasdonk B.",
year = {Summer term 2010},
keywords = "Discontinuous Galerkin",
keywords = "Deformable domains",
keywords = "Navier–Stokes",
keywords = "Arbitrary Lagrangian–Eulerian",
keywords = "Geometric conservation"
}

@book{riviere,
  title={Discontinuous Galerkin Methods for Solving Elliptic and Parabolic Equations: Theory and Implementation},
  author={B., Riviere},
  isbn={9780898716566},
  lccn={2008018508},
  series={Frontiers in Applied Mathematics},
  url={https://books.google.de/books?id=GY4GtnDCaSQC},
  year={2008},
  publisher={Cambridge University Press}
}

@article{Fritzen,
title = "Lecture notes : Introduction to model order reduction of mechanical systems",
journal = "University of Stuttgart",
author = "Fritzen F.",
year = {winter term 2016-2017},
keywords = "Discontinuous Galerkin",
keywords = "Deformable domains",
keywords = "Navier–Stokes",
keywords = "Arbitrary Lagrangian–Eulerian",
keywords = "Geometric conservation"
}

@book{white,
  title={Fluid mechanics},
  author={F.M., White},
  isbn={9780070696730},
  lccn={85014939},
  series={McGraw-Hill international editions. Mechanical engineering series},
  url={https://books.google.de/books?id=imseAQAAIAAJ},
  year={1986},
  publisher={McGraw-Hill Ryerson, Limited}
}

@article{peraire,
author = {J., Peraire and P.-O., Persson},
title = {The {C}ompact {D}iscontinuous {G}alerkin ({CDG}) Method for {E}lliptic Problems},
journal = {SIAM Journal on Scientific Computing},
volume = {30},
number = {4},
pages = {1806-1824},
year = {2008},
doi = {10.1137/070685518},

URL = { 
        https://doi.org/10.1137/070685518
    
},
eprint = { 
        https://doi.org/10.1137/070685518
    
}

}

@BOOK{crbm,
title = {Certified Reduced Basis Methods for Parametrized Partial Differential
Equations},
publisher = {Springer},
year = {2015},
author = {J. S., Hesthaven and G., Rozza and B., Stamm},
pages = {135},
series = {Springer Briefs in Mathematics},
address = {Switzerland},
edition = {1},
abstract = {This book provides a thorough introduction to the mathematical and
algorithmic aspects of certified reduced basis methods for parametrized
partial differential equations. Central aspects ranging from model
construction, error estimation and computational efficiency to empirical
interpolation methods are discussed in detail for coercive problems.
More advanced aspects associated with time-dependent problems, non-compliant
and non-coercive problems and applications with geometric variation
are also discussed as examples.},
doi = {10.1007/978-3-319-22470-1},
isbn = {978-3-319-22469-5},
issn = {2191-8201},
organization = {Springer}
}

@article{saddle, 
title={Numerical solution of saddle point problems}, 
volume={14}, 
DOI={10.1017/S0962492904000212}, 
journal={Acta Numerica}, 
publisher={Cambridge University Press}, 
author={M., Benzi and G. H., Golub and J., Liesen}, year={2005}, 
pages={1–137}}

@Book{Kundu,
author = {P. K., Kundu and I. M., Cohen},
editor = {},
title = {Fluid Mechanics},
publisher = {Academic Press},
year = {2002},
OPTkey = {•},
OPTvolume = {•},
OPTnumber = {•},
OPTseries = {•},
OPTaddress = {•},
OPTedition = {2},
OPTmonth = {•},
OPTnote = {•},
annote = {•}
}

@article{persson,
title = "Discontinuous {G}alerkin solution of the {N}avier {S}tokes equations on deformable domains",
journal = "Computer Methods in Applied Mechanics and Engineering",
volume = "198",
number = "17",
pages = "1585 - 1595",
year = "2009",
note = "",
issn = "0045-7825",
doi = "http://dx.doi.org/10.1016/j.cma.2009.01.012",
url = "http://www.sciencedirect.com/science/article/pii/S0045782509000450",
author = "P.-O., Persson and J., Bonet and J., Peraire",
keywords = "Discontinuous Galerkin",
keywords = "Deformable domains",
keywords = "Navier–Stokes",
keywords = "Arbitrary Lagrangian–Eulerian",
keywords = "Geometric conservation"
}

@article{warburton,
  title={On the constants in hp-finite element trace inverse inequalities},
  author={T., Warburton and J. S., Hesthaven},
  journal={Computer methods in applied mechanics and engineering},
  volume={192},
  number={25},
  pages={2765--2773},
  year={2003},
  publisher={Elsevier}
}