@Article{lorem,
  author =       {John Doe},
  title =        {Lorem Ipsum},
  journal =      {SEDUT perspiciatis},
  year =         {2010}
}

@Proceedings{ipsum,
  title =        {Dolor sit amet},
  organization = {At vero EOS},
  year = {2011}
}

